@misc{gplv3,
  author       = {Free Software Foundation},
  title        = {{GNU} {G}eneral {P}ublic {L}icense},
  version      = {3},
  howpublished = {\url{http://www.gnu.org/licenses/gpl.html}},
  shorthand    = {GPL}
}

@book{cooper2014face,
  title={About Face: The Essentials of Interaction Design},
  author={Cooper, A. and Reimann, R. and Cronin, D. and Noessel, C.},
  isbn={9781118766583},
  url={https://books.google.es/books?id=w9Q5BAAAQBAJ},
  year={2014},
  publisher={Wiley}
}

@book{cohn2004user,
  title={User Stories Applied: For Agile Software Development},
  author={Cohn, M.},
  isbn={9780321205681},
  lccn={2004043655},
  series={Addison-Wesley signature series},
  url={https://books.google.es/books?id=SvIwuX4SVigC},
  year={2004},
  publisher={Addison-Wesley}
}

@article{berlas2024software,
  title={Software Metrics in Agile Software Development: A Review Report},
  author={Berlas, Muhammad Faizan},
  journal={Authorea Preprints},
  year={2024},
  publisher={Authorea}
}

@book{evans2004domain,
  title={Domain-driven design: tackling complexity in the heart of software},
  author={Evans, Eric},
  year={2004},
  publisher={Addison-Wesley Professional}
}

@article{brandolini2013introducing,
  title={Introducing event storming},
  author={Brandolini, Alberto},
  journal={blog, Ziobrandoâ€™s Lair},
  volume={18},
  year={2013}
}

@misc{typescript-wiki,
	title        = {TypeScript Wikipedia},
	howpublished = {\url{https://es.wikipedia.org/wiki/TypeScript}}
}

@misc{ruby-wiki,
	title        = {Ruby Wikipedia},
	howpublished = {\url{https://es.wikipedia.org/wiki/Ruby}}
}

@misc{python-wiki,
	title        = {Python Wikipedia},
	howpublished = {\url{https://es.wikipedia.org/wiki/Python}}
}

@misc{java-wiki,
	title        = {Java Wikipedia},
	howpublished = {\url{https://es.wikipedia.org/wiki/Java_(lenguaje_de_programaci%C3%B3n)}}
}

@misc{php-wiki,
	title        = {PHP Wikipedia},
	howpublished = {\url{https://es.wikipedia.org/wiki/PHP}}
}

@misc{javascript-wiki,
	title        = {JavaScript Wikipedia},
	howpublished = {\url{https://es.wikipedia.org/wiki/JavaScript}}
}

@misc{go-wiki,
	title        = {Go Wikipedia},
	howpublished = {\url{https://es.wikipedia.org/wiki/Go_(lenguaje_de_programaci%C3%B3n)}}
}

@misc{kotlin-wiki,
	title        = {Kotlin Wikipedia},
	howpublished = {\url{https://es.wikipedia.org/wiki/Kotlin_(lenguaje_de_programaci%C3%B3n)}}
}

@inproceedings{gao2017type,
  title={To type or not to type: quantifying detectable bugs in JavaScript},
  author={Gao, Zheng and Bird, Christian and Barr, Earl T},
  booktitle={2017 IEEE/ACM 39th International Conference on Software Engineering (ICSE)},
  pages={758--769},
  year={2017},
  organization={IEEE}
}